% per wikipedia 
% https://irl.github.io/bibwiki/

%arxiv references
% NOTES:
% eprint: arXiv identifier
% primaryClass: arXiv category (cs.LG = machine learning), (cs.CV = computer vision), .. 

%Intro cited papers ---------------
%survey on image segmentation
@misc{minaee2020image,
      title={Image Segmentation Using Deep Learning: A Survey}, 
      author={Shervin Minaee and Yuri Boykov and Fatih Porikli and Antonio Plaza and Nasser Kehtarnavaz and Demetri Terzopoulos},
      year={2020},
      eprint={2001.05566},
      archivePrefix={arXiv},
      primaryClass={cs.CV}
}

% medical applications of segmentation
% tumor segmentation
@misc{havaei2015brain,
    title={Brain Tumor Segmentation with Deep Neural Networks},
    author={Mohammad Havaei and Axel Davy and David Warde-Farley and Antoine Biard and Aaron Courville and Yoshua Bengio and Chris Pal and Pierre-Marc Jodoin and Hugo Larochelle},
    year={2015},
    eprint={1505.03540},
    archivePrefix={arXiv},
    primaryClass={cs.CV}
}

% organ segmentation
@misc{lei2020deep,
    title={Deep Learning in Multi-organ Segmentation},
    author={Yang Lei and Yabo Fu and Tonghe Wang and Richard L. J. Qiu and Walter J. Curran and Tian Liu and Xiaofeng Yang},
    year={2020},
    eprint={2001.10619},
    archivePrefix={arXiv},
    primaryClass={eess.IV}
}

% quality inspection with deep learning
@misc{wong2021automatic,
      title={Automatic Volumetric Segmentation of Additive Manufacturing Defects with 3D U-Net}, 
      author={Vivian Wen Hui Wong and Max Ferguson and Kincho H. Law and Yung-Tsun Tina Lee and Paul Witherell},
      year={2021},
      eprint={2101.08993},
      archivePrefix={arXiv},
      primaryClass={eess.IV}
}

% why DL in quality inspection
@misc{zhu2021deep,
      title={Deep Learning and Machine Vision for Food Processing: A Survey}, 
      author={Lili Zhu and Petros Spachos and Erica Pensini and Konstantinos Plataniotis},
      year={2021},
      eprint={2103.16106},
      archivePrefix={arXiv},
      primaryClass={cs.CV}
}

@misc{ieee2020dlqualitycontrol,
      title={Deep Learning Has Reinvented Quality Control in Manufacturing—but It Hasn t Gone Far Enough},
      author={Anatoli Gorchet},
      year={2020},
      url={https://spectrum.ieee.org/deep-learning-has-reinvented-quality-control-in-manufacturingbut-it-hasnt-gone-far-enough},
      publisher={IEEE Spectrum}
}

% GAN-based augmentation for image classification
@misc{ganbasedaugexample,
      title = {{GAN}-based synthetic medical image augmentation for increased {CNN} performance in liver lesion classification},
      author = {Maayan Frid-Adar and Idit Diamant and Eyal Klang and Michal Amitai and Jacob Goldberger and Hayit Greenspan},
	year = {2018},
      eprint={1803.01229},
      archivePrefix={arXiv},
      primaryClass={cs.CV}
}

% Copy-paste augmentation tecnique
@misc{ghiasi2021simple,
      title={Simple Copy-Paste is a Strong Data Augmentation Method for Instance Segmentation}, 
      author={Golnaz Ghiasi and Yin Cui and Aravind Srinivas and Rui Qian and Tsung-Yi Lin and Ekin D. Cubuk and Quoc V. Le and Barret Zoph},
      year={2021},
      eprint={2012.07177},
      archivePrefix={arXiv},
      primaryClass={cs.CV}
}

% Universal aproximation paper 1
@misc{cybenko1989approximation,
      title={Approximation by superpositions of a sigmoidal function}, 
      author={George Cybenko},
      year={1989},
      doi={https://doi.org/10.1007/BF02551274}
}

%Necognitron paper
@misc{Fukushima1980Neocognitron,
      title={Neocognitron: A Self-organizing Neural Network Model for a Mechanism of Pattern Recognition Unaffected by Shift in Position}, 
      author={Kunihiko Fukushima},
      year={1980},
      doi={https://doi.org/10.1007/BF00344251}
}

%TDNN paper 
@misc{Waibel1989PhonemeRecognition,
  title={Phoneme recognition using time-delay neural networks},
  author={Waibel, A. and Hanazawa, T. and Hinton, G. and Shikano, K. and Lang, K.J.},
  year={1989},
  doi={https://10.1109/29.21701}
}

% First convolutional neural network paper
@misc{LeCun1989Backpropagation,
      title={Backpropagation Applied to Handwritten Zip Code Recognition}, 
      author={LeCun, Y. and Boser, B. and Denker, J. S. and Henderson, D. and Howard, R. E. and Hubbard, W. and Jackel, L. D.},
      year={1989},
      doi={https://10.1162/neco.1989.1.4.541}
}

% Guide to convolution
@misc{dumoulin2016guide,
    title={A guide to convolution arithmetic for deep learning},
    author={Vincent Dumoulin and Francesco Visin},
    year={2016},
    doi={https://doi.org/10.48550/arXiv.1603.07285}
}

% medium article about convolution
@misc{shafkat2018convolutional,
      title={Intuitively Understanding Convolutions for Deep Learning},
      author={Irhum Shafkat},
      year={2018},
      url={https://towardsdatascience.com/intuitively-understanding-convolutions-for-deep-learning-1f6f42faee1}
}

%Models papers --------------------
% first gan paper
@misc{goodfellow2014generative,
      title={Generative Adversarial Networks}, 
      author={Ian J. Goodfellow and Jean Pouget-Abadie and Mehdi Mirza and Bing Xu and David Warde-Farley and Sherjil Ozair and Aaron Courville and Yoshua Bengio},
      year={2014},
      eprint={1406.2661},
      archivePrefix={arXiv},
      primaryClass={stat.ML}
}

@misc{goodfellow2016ganintro,
      title={Introduction to Generative Adversarial Networks}, 
      author={Ian J. Goodfellow},
      year={2016},
      url={https://www.iangoodfellow.com/slides/2016-12-9-gans.pdf}
}

% unrolled gan paper (mode collapse example)
@misc{metz2017unrolled,
      title={Unrolled Generative Adversarial Networks}, 
      author={Luke Metz and Ben Poole and David Pfau and Jascha Sohl-Dickstein},
      year={2017},
      eprint={1611.02163},
      archivePrefix={arXiv},
      primaryClass={cs.LG}
}

% DCGAN paper
@misc{radford2016unsupervised,
      title={Unsupervised Representation Learning with Deep Convolutional Generative Adversarial Networks}, 
      author={Alec Radford and Luke Metz and Soumith Chintala},
      year={2016},
      eprint={1511.06434},
      archivePrefix={arXiv},
      primaryClass={cs.LG}
}

% lama paper
@misc{suvorov2021resolutionrobust,
      title={Resolution-robust Large Mask Inpainting with Fourier Convolutions}, 
      author={Roman Suvorov and Elizaveta Logacheva and Anton Mashikhin and Anastasia Remizova and Arsenii Ashukha and Aleksei Silvestrov and Naejin Kong and Harshith Goka and Kiwoong Park and Victor Lempitsky},
      year={2021},
      eprint={2109.07161},
      archivePrefix={arXiv},
      primaryClass={cs.CV}
}

% Fast fourier convolution
@misc{chi2020ffc,
      author = {Chi, Lu and Jiang, Borui and Mu, Yadong},
      title = {Fast Fourier Convolution},
      year = {2020},
      url = {https://proceedings.neurips.cc/paper_files/paper/2020/file/2fd5d41ec6cfab47e32164d5624269b1-Paper.pdf}
}

% swagan paper
@misc{gal2021swagan,
      title={SWAGAN: A Style-based Wavelet-driven Generative Model}, 
      author={Rinon Gal and Dana Cohen and Amit Bermano and Daniel Cohen-Or},
      year={2021},
      eprint={2102.06108},
      archivePrefix={arXiv},
      primaryClass={cs.CV}
}

%stylegan paper
@misc{karras2019stylegan,
      title={A Style-Based Generator Architecture for Generative Adversarial Networks}, 
      author={Tero Karras and Samuli Laine and Timo Aila},
      year={2019},
      eprint={1812.04948},
      archivePrefix={arXiv},
      primaryClass={cs.CV}
}

%stylegan2 paper
@misc{karras2020analyzing,
      title={Analyzing and Improving the Image Quality of StyleGAN}, 
      author={Tero Karras and Samuli Laine and Miika Aittala and Janne Hellsten and Jaakko Lehtinen and Timo Aila},
      year={2020},
      doi={https://doi.org/10.48550/arXiv.1912.04958}
}

% pix2pix paper
@misc{isola2018imagetoimage,
      title={Image-to-Image Translation with Conditional Adversarial Networks}, 
      author={Phillip Isola and Jun-Yan Zhu and Tinghui Zhou and Alexei A. Efros},
      year={2018},
      eprint={1611.07004},
      archivePrefix={arXiv},
      primaryClass={cs.CV}
}

% unet paper
@misc{ronneberger2015unet,
      title={U-Net: Convolutional Networks for Biomedical Image Segmentation}, 
      author={Olaf Ronneberger and Philipp Fischer and Thomas Brox},
      year={2015},
      eprint={1505.04597},
      archivePrefix={arXiv},
      primaryClass={cs.CV}
}

%metrics papers ---------------------
% wesserstein gan paper
@misc{arjovsky2017wasserstein,
      title={Wasserstein GAN}, 
      author={Martin Arjovsky and Soumith Chintala and Léon Bottou},
      year={2017},
      eprint={1701.07875},
      archivePrefix={arXiv},
      primaryClass={stat.ML}
}

% lpips papers
@misc{johnson2016perceptual,
      title={Perceptual Losses for Real-Time Style Transfer and Super-Resolution}, 
      author={Justin Johnson and Alexandre Alahi and Li Fei-Fei},
      year={2016},
      eprint={1603.08155},
      archivePrefix={arXiv},
      primaryClass={cs.CV},
      doi={https://doi.org/10.48550/arXiv.1603.08155}
}

@misc{zhang2018unreasonable,
      title={The Unreasonable Effectiveness of Deep Features as a Perceptual Metric}, 
      author={Richard Zhang and Phillip Isola and Alexei A. Efros and Eli Shechtman and Oliver Wang},
      year={2018},
      eprint={1801.03924},
      archivePrefix={arXiv},
      primaryClass={cs.CV}
}

% inception score paper
@misc{salimans2016improved,
      title={Improved Techniques for Training GANs}, 
      author={Tim Salimans and Ian Goodfellow and Wojciech Zaremba and Vicki Cheung and Alec Radford and Xi Chen},
      year={2016},
      eprint={1606.03498},
      archivePrefix={arXiv},
      primaryClass={cs.LG}
}

% fricht inception distance papaer
@misc{heusel2018gans,
      title={GANs Trained by a Two Time-Scale Update Rule Converge to a Local Nash Equilibrium}, 
      author={Martin Heusel and Hubert Ramsauer and Thomas Unterthiner and Bernhard Nessler and Sepp Hochreiter},
      year={2018},
      eprint={1706.08500},
      archivePrefix={arXiv},
      primaryClass={cs.LG}
}

% r1 regularization paper
@misc{mescheder2018training,
      title={Which Training Methods for GANs do actually Converge?}, 
      author={Lars Mescheder and Andreas Geiger and Sebastian Nowozin},
      year={2018},
      eprint={1801.04406},
      archivePrefix={arXiv},
      primaryClass={cs.LG}
}

%other references ---------------------

%steel industry report
@misc{worldsteelreport2021,
      title={World Steel in Figures 2021},
      author={World Steel Association},
      year={2021},
      url={https://worldsteel.org/wp-content/uploads/World-Steel-in-Figures-2022-1.pdf}
}